<record><leader>00000cas a2200000 i 4500</leader><controlfield tag="001">880937473</controlfield><controlfield tag="006">m     o  d        </controlfield><controlfield tag="007">cr |||||||||||</controlfield><controlfield tag="008">140604d18941899mtuwr neo     0   a0eng  </controlfield><datafield ind1=" " ind2=" " tag="010"><subfield code="a">  2014218389</subfield></datafield><datafield ind1=" " ind2=" " tag="040"><subfield code="a">DLC</subfield><subfield code="b">eng</subfield><subfield code="e">rda</subfield><subfield code="c">DLC</subfield><subfield code="d">DLC</subfield></datafield><datafield ind1="0" ind2=" " tag="022"><subfield code="a">2373-3667</subfield><subfield code="2">1</subfield></datafield><datafield ind1="1" ind2=" " tag="029"><subfield code="a">NZ1</subfield><subfield code="b">16179520</subfield></datafield><datafield ind1=" " ind2=" " tag="042"><subfield code="a">pcc</subfield><subfield code="a">nsdp</subfield></datafield><datafield ind1=" " ind2=" " tag="043"><subfield code="a">n-us-mt</subfield></datafield><datafield ind1="1" ind2="0" tag="050"><subfield code="a">ISSN RECORD</subfield></datafield><datafield ind1="0" ind2="0" tag="082"><subfield code="a">071</subfield><subfield code="2">23</subfield></datafield><datafield ind1="0" ind2=" " tag="130"><subfield code="a">Ravalli Republican (Stevensville, Mont. : Weekly : 1894 : Online)</subfield></datafield><datafield ind1=" " ind2="4" tag="222"><subfield code="a">The Ravalli Republican</subfield><subfield code="b">(Stevensville, Mont. Weekly. 1894. Online)</subfield></datafield><datafield ind1="1" ind2="4" tag="245"><subfield code="a">The Ravalli Republican.</subfield></datafield><datafield ind1=" " ind2="1" tag="264"><subfield code="a">Stevensville, Ravalli County, Montana :</subfield><subfield code="b">James E. Stevens,</subfield><subfield code="c">1894-</subfield></datafield><datafield ind1=" " ind2=" " tag="300"><subfield code="a">1 online resource</subfield></datafield><datafield ind1=" " ind2=" " tag="310"><subfield code="a">Weekly</subfield></datafield><datafield ind1=" " ind2=" " tag="336"><subfield code="a">text</subfield><subfield code="b">txt</subfield><subfield code="2">rdacontent</subfield></datafield><datafield ind1=" " ind2=" " tag="337"><subfield code="a">computer</subfield><subfield code="b">c</subfield><subfield code="2">rdamedia</subfield></datafield><datafield ind1=" " ind2=" " tag="338"><subfield code="a">online resource</subfield><subfield code="b">cr</subfield><subfield code="2">rdacarrier</subfield></datafield><datafield ind1="1" ind2=" " tag="362"><subfield code="a">Began with vol. I, no. 1 (Augus 22, 1894); ceased November 24, 1899.</subfield></datafield><datafield ind1=" " ind2=" " tag="500"><subfield code="a">Place of publication varies: Stevensville, Aug. 22, 1894-Dec. 7, 1898; Hamilton, Dec. 14, 1898-Nov. 24, 1899.</subfield></datafield><datafield ind1=" " ind2=" " tag="588"><subfield code="a">Description based on: Vol. I, no. 1 (Augus 22, 1894); title from masthead (Chroniclingamerica.loc.gov, viewed June 4, 2014).</subfield></datafield><datafield ind1=" " ind2=" " tag="588"><subfield code="a">Latest issue consulted: Vol. V, no. 20 (December 28, 1898) (Chroniclingamerica.loc.gov, viewed June 4, 2014).</subfield></datafield><datafield ind1=" " ind2="0" tag="651"><subfield code="a">Hamilton (Ravalli County, Mont.)</subfield><subfield code="v">Newspapers.</subfield></datafield><datafield ind1=" " ind2="0" tag="651"><subfield code="a">Stevensville (Mont.)</subfield><subfield code="v">Newspapers.</subfield></datafield><datafield ind1=" " ind2="7" tag="651"><subfield code="a">Montana</subfield><subfield code="z">Hamilton (Ravalli County)</subfield><subfield code="2">fast</subfield><subfield code="0">(OCoLC)fst01313107</subfield></datafield><datafield ind1=" " ind2="7" tag="651"><subfield code="a">Montana</subfield><subfield code="z">Stevensville.</subfield><subfield code="2">fast</subfield><subfield code="0">(OCoLC)fst01224919</subfield></datafield><datafield ind1=" " ind2="7" tag="655"><subfield code="a">Periodicals.</subfield><subfield code="2">fast</subfield><subfield code="0">(OCoLC)fst01411641</subfield></datafield><datafield ind1=" " ind2=" " tag="752"><subfield code="a">United States</subfield><subfield code="b">Montana</subfield><subfield code="c">Ravalli</subfield><subfield code="d">Stevensville.</subfield></datafield><datafield ind1=" " ind2=" " tag="752"><subfield code="a">United States</subfield><subfield code="b">Montana</subfield><subfield code="c">Ravalli</subfield><subfield code="d">Hamilton.</subfield></datafield><datafield ind1="0" ind2="8" tag="776"><subfield code="i">Originally issued in print:</subfield><subfield code="t">Ravalli Republican (Stevensville, Mont. : Weekly : 1894)</subfield><subfield code="x">2373-3659</subfield><subfield code="w">(DLC)sn 85053167</subfield><subfield code="w">(OCoLC)12203604</subfield></datafield><datafield ind1="0" ind2="7" tag="785"><subfield code="t">Bitter Root times (Online)</subfield></datafield><datafield ind1="0" ind2="7" tag="785"><subfield code="t">Ravalli Republican and Bitter Root times (Online)</subfield></datafield><datafield ind1="4" ind2="0" tag="856"><subfield code="u">http://www.loc.gov/chroniclingamerica/lccn/sn85053167/issues</subfield></datafield></record>